% --------- Sociopatterns ------------- %
@article{primaryschool,
  author = {Stehlé, Juliette and Voirin, Nicolas and Barrat, Alain and Cattuto,
 Ciro and Isella, Lorenzo and Pinton, {Jean-François} and Quaggiotto, Marco
 and {Van den Broeck}, Wouter and Régis, Corinne and Lina, Bruno
 and Vanhems, Philippe},
  journal = {PLOS ONE},
  publisher = {Public Library of Science},
  title = {High-Resolution Measurements of Face-to-Face Contact Patterns
 in a Primary School},
  year = {2011},
  month = {08},
  volume = {6},
  url = {http://dx.doi.org/10.1371/journal.pone.0023176},
  pages = {e23176},
  number = {8},
  doi = {10.1371/journal.pone.0023176},
  keywords = {SocioPatterns}
}

@article{hospital,
    author = {Vanhems, , Philippe AND Barrat, , Alain AND Cattuto, , Ciro AND Pinton, , Jean-Franßois AND Khanafer, , Nagham AND Rogis, , Corinne AND Kim, , Byeul-a AND Comte, , Brigitte AND Voirin, , Nicolas},
    journal = {PLoS ONE},
    publisher = {Public Library of Science},
    title = {Estimating Potential Infection Transmission Routes in Hospital Wards Using Wearable Proximity Sensors},
    year = {2013},
    month = {09},
    volume = {8},
    url = {http://dx.doi.org/10.1371%2Fjournal.pone.0073970},
    pages = {e73970},
    number = {9},
    doi = {10.1371/journal.pone.0073970}
}        

@article{highschool,
    author = {Fournet, , Julie AND Barrat, , Alain},
    journal = {PLoS ONE},
    publisher = {Public Library of Science},
    title = {Contact Patterns among High School Students},
    year = {2014},
    month = {09},
    volume = {9},
    url = {http://dx.doi.org/10.1371%2Fjournal.pone.0107878},
    pages = {e107878},
    number = {9},
    doi = {10.1371/journal.pone.0107878}
}        

@article{workplace01,
author = {Génois,Mathieu and Vestergaard,Christian L. and Fournet,Julie and Panisson,André and Bonmarin,Isabelle and Barrat,Alain},
title = {Data on face-to-face contacts in an office building suggest a low-cost vaccination strategy based on community linkers},
journal = {Network Science},
volume = {3},
issue = {03},
month = {9},
year = {2015},
issn = {2050-1250},
pages = {326--347},
numpages = {22},
doi = {10.1017/nws.2015.10},
URL = {http://journals.cambridge.org/article_S2050124215000107},
}

@Article{workplace02,
author="Génois, Mathieu
and Barrat, Alain",
title="Can co-location be used as a proxy for face-to-face contacts?",
journal="EPJ Data Science",
year="2018",
month="May",
day="08",
volume="7",
number="1",
pages="11",
issn="2193-1127",
doi="10.1140/epjds/s13688-018-0140-1",
url="https://doi.org/10.1140/epjds/s13688-018-0140-1"
}


%------- Preprint of static Exposure paper
@misc{static_exp,
  doi = {10.48550/ARXIV.2207.02523},
  
  url = {https://arxiv.org/abs/2207.02523},
  
  author = {Othman, Sameh and Schulz, Johannes and Baity-Jesi, Marco and De Bacco, Caterina},
  
  keywords = {Social and Information Networks (cs.SI), Physics and Society (physics.soc-ph), FOS: Computer and information sciences, FOS: Computer and information sciences, FOS: Physical sciences, FOS: Physical sciences},
  
  title = {Modeling Node Exposure for Community Detection in Networks},
  
  publisher = {arXiv},
  
  year = {2022},
  
  copyright = {arXiv.org perpetual, non-exclusive license}
}


% ---------     a   -----------

@article{altarelli2015edge,
  title={The edge-disjoint path problem on random graphs by message-passing},
  author={Altarelli, Fabrizio and Braunstein, Alfredo and Dall’Asta, Luca and De Bacco, Caterina and Franz, Silvio},
  journal={PloS one},
  volume={10},
  number={12},
  pages={e0145222},
  year={2015},
  publisher={Public Library of Science}
}
@article{aicher2015learning,
  title={Learning latent block structure in weighted networks},
  author={Aicher, Christopher and Jacobs, Abigail Z and Clauset, Aaron},
  journal={Journal of Complex Networks},
  volume={3},
  number={2},
  pages={221--248},
  year={2015},
  publisher={Oxford University Press}
}

18°
% ---------     b   -----------
@article{ball2011efficient,
  title={Efficient and principled method for detecting communities in networks},
  author={Ball, Brian and Karrer, Brian and Newman, Mark EJ},
  journal={Physical Review E},
  volume={84},
  number={3},
  pages={036103},
  year={2011},
  publisher={APS}
}

@article{bayati2008,
  title={Statistical mechanics of steiner trees},
  author={Bayati, M and Borgs, C and Braunstein, Alfredo and Chayes, J and Ramezanpour, Abolfazl and Zecchina, Riccardo},
  journal={Physical review letters},
  volume={101},
  number={3},
  pages={037208},
  year={2008},
  publisher={APS}
}
@misc{brand1997coupled,
  title={Coupled hidden Markov models for modeling interacting processes},
  author={Brand, Matthew},
  year={1997},
  publisher={Citeseer}
}
@inproceedings{both2017cross,
  title={Cross-modal knowledge transfer: Improving the word embedding of apple by looking at oranges},
  author={Both, Fabian and Thoma, Steffen and Rettinger, Achim},
  booktitle={Proceedings of the Knowledge Capture Conference},
  pages={18},
  year={2017},
  organization={ACM}
}
@article{blei2017variational,
  title={Variational inference: A review for statisticians},
  author={Blei, David M and Kucukelbir, Alp and McAuliffe, Jon D},
  journal={Journal of the American statistical Association},
  volume={112},
  number={518},
  pages={859--877},
  year={2017},
  publisher={Taylor \& Francis}
}
% ---------     c   -----------
@inproceedings{chaney2015probabilistic,
  title={A probabilistic model for using social networks in personalized item recommendation},
  author={Chaney, Allison JB and Blei, David M and Eliassi-Rad, Tina},
  booktitle={Proceedings of the 9th ACM Conference on Recommender Systems},
  pages={43--50},
  year={2015}
}
@article{cowles1996markov,
  title={Markov chain Monte Carlo convergence diagnostics: a comparative review},
  author={Cowles, Mary Kathryn and Carlin, Bradley P},
  journal={Journal of the American Statistical Association},
  volume={91},
  number={434},
  pages={883--904},
  year={1996},
  publisher={Taylor \& Francis}
}
17°
@article{cogoni2017,
  title={Ultrametricity of optimal transport substates for multiple interacting paths over a square lattice network},
  author={Cogoni, Marco and Busonera, Giovanni and Zanetti, Gianluigi},
  journal={Physical Review E},
  volume={95},
  number={3},
  pages={030108},
  year={2017},
  publisher={APS}
}
@article{competition12,
  title={Competition for shortest paths on sparse graphs},
  author={Yeung C H and Saad D},
  journal={Phys. Rev. Lett.},
  volume={108},
  number={20},
  pages={208701},
  year={2012},
  publisher={APS}
}
@article{contisciani2020community,
  title={Community detection with node attributes in multilayer networks},
  author={Contisciani, Martina and Power, Eleanor A and De Bacco, Caterina},
  journal={Scientific reports},
  volume={10},
  number={1},
  pages={1--16},
  year={2020},
  publisher={Nature Publishing Group}
}

@article{chuklin2015click,
  title={Click models for web search},
  author={Chuklin, Aleksandr and Markov, Ilya and Rijke, Maarten de},
  journal={Synthesis lectures on information concepts, retrieval, and services},
  volume={7},
  number={3},
  pages={1--115},
  year={2015},
  publisher={Morgan \& Claypool Publishers}
}

@article{contisciani2021community,
  title={Community detection and reciprocity in networks by jointly modeling pairs of edges},
  author={Contisciani, Martina and Safdari, Hadiseh and De Bacco, Caterina},
  journal={arXiv preprint arXiv:2112.10436},
  year={2021}
}

% ---------     d   -----------
@article{PhysRevLett.112.070603,
  title = {Pseudolikelihood Decimation Algorithm Improving the Inference of the Interaction Network in a General Class of Ising Models},
  author = {Decelle, Aur\'elien and Ricci-Tersenghi, Federico},
  journal = {Phys. Rev. Lett.},
  volume = {112},
  issue = {7},
  pages = {070603},
  numpages = {5},
  year = {2014},
  month = {Feb},
  publisher = {American Physical Society},
  doi = {10.1103/PhysRevLett.112.070603},
  url = {https://link.aps.org/doi/10.1103/PhysRevLett.112.070603}
}

@inproceedings{liang2016modeling,
  title={Modeling user exposure in recommendation},
  author={Liang, Dawen and Charlin, Laurent and McInerney, James and Blei, David M},
  booktitle={Proceedings of the 25th International Conference on World Wide Web},
  pages={951--961},
  year={2016},
  organization={International World Wide Web Conferences Steering Committee}
}
@article{de2017community,
  title={Community detection, link prediction, and layer interdependence in multilayer networks},
  author={De Bacco, Caterina and Power, Eleanor A and Larremore, Daniel B and Moore, Cristopher},
  journal={Physical Review E},
  volume={95},
  number={4},
  pages={042317},
  year={2017},
  publisher={APS}
}
@article{de2018physical,
  title={A physical model for efficient ranking in networks},
  author={De Bacco, Caterina and Larremore, Daniel B and Moore, Cristopher},
  journal={Science advances},
  volume={4},
  number={7},
  pages={eaar8260},
  year={2018},
  publisher={American Association for the Advancement of Science}
}

18°
17°
@article{de2014shortest,
  title={Shortest node-disjoint paths on random graphs},
  author={De Bacco, Caterina and Franz, Silvio and Saad, David and Yeung, C H},
  journal={Journal of Statistical Mechanics: Theory and Experiment},
  volume={2014},
  number={7},
  pages={P07009},
  year={2014},
  publisher={IOP Publishing}
}
@article{dorigo2006ant,
  title={Ant colony optimization},
  author={Dorigo, Marco and Birattari, Mauro and Stutzle, Thomas},
  journal={IEEE computational intelligence magazine},
  volume={1},
  number={4},
  pages={28--39},
  year={2006},
  publisher={IEEE}
}
% ---------     e   -----------
@inproceedings{eberhart1995,
  title={A new optimizer using particle swarm theory},
  author={Eberhart, Russell and Kennedy, James},
  booktitle={Micro Machine and Human Science, 1995. MHS'95., Proceedings of the Sixth International Symposium on},
  pages={39--43},
  year={1995},
  organization={IEEE}
}
% ---------     f   -----------
@article{franz2019fast,
  title={A fast and accurate algorithm for inferring sparse Ising models via parameters activation to maximize the pseudo-likelihood},
  author={Franz, Silvio and Ricci-Tersenghi, Federico and Rocchi, Jacopo},
  journal={arXiv preprint arXiv:1901.11325},
  year={2019}
}
@article{fortunato2010community,
  title={Community detection in graphs},
  author={Fortunato, Santo},
  journal={Physics reports},
  volume={486},
  number={3-5},
  pages={75--174},
  year={2010},
  publisher={Elsevier}
}
@article{fortunato2016community,
  title={Community detection in networks: A user guide},
  author={Fortunato, Santo and Hric, Darko},
  journal={Physics reports},
  volume={659},
  pages={1--44},
  year={2016},
  publisher={Elsevier}
}

% ---------     g   -----------
@article{girvan2002community,
  title={Community structure in social and biological networks},
  author={Girvan, Michelle and Newman, Mark EJ},
  journal={Proceedings of the national academy of sciences},
  volume={99},
  number={12},
  pages={7821--7826},
  year={2002},
  publisher={National Acad Sciences}
}
@article{goldenberg2010survey,
  title={A survey of statistical network models},
  author={Goldenberg, Anna and Zheng, Alice X and Fienberg, Stephen E and Airoldi, Edoardo M and others},
  journal={Foundations and Trends{\textregistered} in Machine Learning},
  volume={2},
  number={2},
  pages={129--233},
  year={2010},
  publisher={Now Publishers, Inc.}
}

% ---------     h   -----------
@article{holland1983stochastic,
  title={Stochastic blockmodels: First steps},
  author={Holland, Paul W and Laskey, Kathryn Blackmond and Leinhardt, Samuel},
  journal={Social networks},
  volume={5},
  number={2},
  pages={109--137},
  year={1983},
  publisher={Elsevier}
}
@article{holme2012temporal,
  title={Temporal networks},
  author={Holme, Petter and Saram{\"a}ki, Jari},
  journal={Physics reports},
  volume={519},
  number={3},
  pages={97--125},
  year={2012},
  publisher={Elsevier}
}
@book{hammersley2013monte,
  title={Monte carlo methods},
  author={Hammersley, John},
  year={2013},
  publisher={Springer Science \& Business Media}
}
% ---------     i   -----------
% ---------     j   -----------
@article{javed2018community,
  title={Community detection in networks: A multidisciplinary review},
  author={Javed, Muhammad Aqib and Younis, Muhammad Shahzad and Latif, Siddique and Qadir, Junaid and Baig, Adeel},
  journal={Journal of Network and Computer Applications},
  volume={108},
  pages={87--111},
  year={2018},
  publisher={Elsevier}
}
% ---------     k   -----------
% ---------     l   -----------
@article{lancichinetti2009community,
  title={Community detection algorithms: a comparative analysis},
  author={Lancichinetti, Andrea and Fortunato, Santo},
  journal={Physical review E},
  volume={80},
  number={5},
  pages={056117},
  year={2009},
  publisher={APS}
}
@article{lambert1992zero,
  title={Zero-inflated Poisson regression, with an application to defects in manufacturing},
  author={Lambert, Diane},
  journal={Technometrics},
  volume={34},
  number={1},
  pages={1--14},
  year={1992},
  publisher={Taylor \& Francis}
}
@article{lu2011link,
  title={Link prediction in complex networks: A survey},
  author={L{\"u}, Linyuan and Zhou, Tao},
  journal={Physica A: statistical mechanics and its applications},
  volume={390},
  number={6},
  pages={1150--1170},
  year={2011},
  publisher={Elsevier}
}

@article{liben2007link,
  title={The link-prediction problem for social networks},
  author={Liben-Nowell, David and Kleinberg, Jon},
  journal={Journal of the American society for information science and technology},
  volume={58},
  number={7},
  pages={1019--1031},
  year={2007},
  publisher={Wiley Online Library}
}

% ---------     m   -----------
@book{masuda2016guide,
  title={A guide to temporal networks},
  author={Masuda, Naoki and Lambiotte, Renaud},
  year={2016},
  publisher={World Scientific}
}
@article{mezard2003cavity,
  title={The cavity method at zero temperature},
  author={M{\'e}zard, Marc and Parisi, Giorgio},
  journal={Journal of Statistical Physics},
  volume={111},
  number={1},
  pages={1--34},
  year={2003},
  publisher={Springer}
}
@book{mitchell1998,
  title={An introduction to genetic algorithms},
  author={Mitchell, Melanie},
  year={1998},
  publisher={MIT press}
}
@article{moon1996expectation,
  title={The expectation-maximization algorithm},
  author={Moon, Todd K},
  journal={IEEE Signal processing magazine},
  volume={13},
  number={6},
  pages={47--60},
  year={1996},
  publisher={IEEE}
}
@article{myung2003tutorial,
  title={Tutorial on maximum likelihood estimation},
  author={Myung, In Jae},
  journal={Journal of mathematical Psychology},
  volume={47},
  number={1},
  pages={90--100},
  year={2003},
  publisher={Elsevier}
}
@article{mcshane1937jensen,
  title={Jensen's inequality},
  author={McShane, Edward James},
  journal={Bulletin of the American Mathematical Society},
  volume={43},
  number={8},
  pages={521--527},
  year={1937},
  publisher={American Mathematical Society}
}
% ---------     n   -----------
@article{nemhauser1988,
  title={Integer programming and combinatorial optimization},
  author={Nemhauser, George L and Wolsey, Laurence A},
  journal={Wiley, Chichester. GL Nemhauser, MWP Savelsbergh, GS Sigismondi (1992). Constraint Classification for Mixed Integer Programming Formulations. COAL Bulletin},
  volume={20},
  pages={8--12},
  year={1988},
  publisher={Springer}
}
@article{newman2003structure,
  title={The structure and function of complex networks},
  author={Newman, Mark EJ},
  journal={SIAM review},
  volume={45},
  number={2},
  pages={167--256},
  year={2003},
  publisher={SIAM}
}
@article{newman2018network,
  title={Network structure from rich but noisy data},
  author={Newman, Mark EJ},
  journal={Nature Physics},
  volume={14},
  number={6},
  pages={542--545},
  year={2018},
  publisher={Nature Publishing Group}
}
@book{newman2018networks,
  title={Networks},
  author={Newman, Mark},
  year={2018},
  publisher={Oxford university press}
}
@ARTICLE{newman2016structure,
  title={Structure and inference in annotated networks},
  author={Newman, Mark EJ and Clauset, Aaron},
  journal={Nature communications},
  volume={7},
  pages={11863},
  year={2016},
  publisher={Nature Publishing Group}
}
% ---------     o   -----------

@unpublished{othman:21,
author={Othman, S. and Baity-Jesi, M. and De Bacco, C.},
note="in preparation",
year=2021,
}
@article{fajardo2021node,
  title={Node Metadata Can Produce Predictability Crossovers in Network Inference Problems},
  author={Fajardo-Fontiveros, Oscar and Guimer{\`a}, Roger and Sales-Pardo, Marta},
  journal={Physical Review X},
  volume={12},
  number={1},
  pages={011010},
  year={2022},
  publisher={APS}
}


% ---------     p   -----------
@article{peixoto2019network,
  title={Network reconstruction and community detection from dynamics},
  author={Peixoto, Tiago P},
  journal={Physical review letters},
  volume={123},
  number={12},
  pages={128301},
  year={2019},
  publisher={APS}
}

17°

@article{pnas13,
  title={From the physics of interacting polymers to optimizing routes on the London Underground},
  author={Yeung C H and Saad D and Wong KY M},
  journal={Proc. Nat. Ac. Sci.},
  volume={110},
  number={34},
  pages={13717--13722},
  year={2013},
  publisher={National Acad Sciences}
}
@article{peel2017ground,
  title={The ground truth about metadata and community detection in networks},
  author={Peel, Leto and Larremore, Daniel B and Clauset, Aaron},
  journal={Science advances},
  volume={3},
  number={5},
  pages={e1602548},
  year={2017},
  publisher={American Association for the Advancement of Science}
}
% ---------     q   -----------
% ---------     r   -----------
% ---------     s   -----------
@article{safdari2021generative,
  title={Generative model for reciprocity and community detection in networks},
  author={Safdari, Hadiseh and Contisciani, Martina and De Bacco, Caterina},
  journal={Physical Review Research},
  volume={3},
  number={2},
  pages={023209},
  year={2021},
  publisher={APS}
}
@article{safdari2022reciprocity,
  title={Reciprocity, community detection, and link prediction in dynamic networks},
  author={Safdari, Hadiseh and Contisciani, Martina and De Bacco, Caterina},
  journal={Journal of Physics: Complexity},
  volume={3},
  number={1},
  pages={015010},
  year={2022},
  publisher={IOP Publishing}
}
@inproceedings{schein2016bayesian,
  title={Bayesian Poisson Tucker decomposition for learning the structure of international relations},
  author={Schein, Aaron and Zhou, Mingyuan and Blei, David and Wallach, Hanna},
  booktitle={International Conference on Machine Learning},
  pages={2810--2819},
  year={2016},
  organization={PMLR}
}

@misc{superleague,
url = "https://www.espn.com/college-football/insider/story/_/id/33760664/building-college-football-super-league-look-like",
}
% ---------     t   -----------
@article{tzikas2008variational,
  title={The variational approximation for Bayesian inference},
  author={Tzikas, Dimitris G and Likas, Aristidis C and Galatsanos, Nikolaos P},
  journal={IEEE Signal Processing Magazine},
  volume={25},
  number={6},
  pages={131--146},
  year={2008},
  publisher={IEEE}
}
% ---------     u   -----------
% ---------     v   -----------
% ---------     w   -----------
@inproceedings{wang2016learning,
  title={Learning to rank with selection bias in personal search},
  author={Wang, Xuanhui and Bendersky, Michael and Metzler, Donald and Najork, Marc},
  booktitle={Proceedings of the 39th International ACM SIGIR conference on Research and Development in Information Retrieval},
  pages={115--124},
  year={2016}
}

% ---------     x   -----------
% ---------     y   -----------
@inproceedings{yang2018unbiased,
  title={Unbiased offline recommender evaluation for missing-not-at-random implicit feedback},
  author={Yang, Longqi and Cui, Yin and Xuan, Yuan and Wang, Chenyang and Belongie, Serge and Estrin, Deborah},
  booktitle={Proceedings of the 12th ACM Conference on Recommender Systems},
  pages={279--287},
  year={2018}
}
@article{yedidia2003understanding,
  title={Understanding belief propagation and its generalizations},
  author={Yedidia, Jonathan S and Freeman, William T and Weiss, Yair and others},
  journal={Exploring artificial intelligence in the new millennium},
  volume={8},
  number={236-239},
  pages={0018--9448},
  year={2003}
}
% ---------     z   -----------
@article{zhao2012consistency,
  title={Consistency of community detection in networks under degree-corrected stochastic block models},
  author={Zhao, Yunpeng and Levina, Elizaveta and Zhu, Ji},
  journal={The Annals of Statistics},
  volume={40},
  number={4},
  pages={2266--2292},
  year={2012},
  publisher={Institute of Mathematical Statistics}
}
